<?xml version="1.0" encoding="UTF-8"?>
<collection xmlns:xsi="http://www.w3.org/2001/XMLSchema-instance" xsi:schemaLocation="http://www.loc.gov/MARC21/slim http://www.loc.gov/standards/marcxml/schema/MARC21slim.xsd" xmlns="http://www.loc.gov/MARC21/slim">
<record>
  <leader>01019cam a22002531  4500</leader>
  <controlfield tag="001">3176232</controlfield>
  <controlfield tag="003">NNC</controlfield>
  <controlfield tag="005">20151117185855.0</controlfield>
  <controlfield tag="008">990728m19051911ua            000 0 ara d</controlfield>
  <datafield tag="035" ind1=" " ind2=" ">
    <subfield code="a">(OCoLC)ocm41973499</subfield>
  </datafield>
  <datafield tag="035" ind1=" " ind2=" ">
    <subfield code="9">AUB8689CU</subfield>
  </datafield>
  <datafield tag="035" ind1=" " ind2=" ">
    <subfield code="a">(NNC)3176232</subfield>
  </datafield>
  <datafield tag="035" ind1=" " ind2=" ">
    <subfield code="a">3176232</subfield>
  </datafield>
  <datafield tag="040" ind1=" " ind2=" ">
    <subfield code="a">PUL</subfield>
    <subfield code="c">PUL</subfield>
    <subfield code="d">OCLCQ</subfield>
    <subfield code="d">ZCU</subfield>
  </datafield>
  <datafield tag="100" ind1="0" ind2=" ">
    <subfield code="a">Ṭabarī,</subfield>
    <subfield code="d">838?-923.</subfield>
  </datafield>
  <datafield tag="245" ind1="1" ind2="0">
    <subfield code="a">Tafsīr al-Qurʾān,</subfield>
    <subfield code="c">Muḥammad ibn Jarīr, al-Ṭabarī.</subfield>
  </datafield>
  <datafield tag="260" ind1=" " ind2=" ">
    <subfield code="a">Būlāq,</subfield>
    <subfield code="b">al-Maṭbaʻah al-Kubrá al-Amīrīyah</subfield>
    <subfield code="c">1905-11.</subfield>
  </datafield>
  <datafield tag="300" ind1=" " ind2=" ">
    <subfield code="a">30 v. in 12.</subfield>
    <subfield code="c">29 cm.</subfield>
  </datafield>
  <datafield tag="500" ind1=" " ind2=" ">
    <subfield code="a">Commentary on the Koran.</subfield>
  </datafield>
  <datafield tag="546" ind1=" " ind2=" ">
    <subfield code="a">Title-page and text in Arabic.</subfield>
  </datafield>
  <datafield tag="500" ind1=" " ind2=" ">
    <subfield code="a">Contained in margins: Tafsīr Gharāʾib al-Qurʾan wa-Raghāʾib al-Furqān, by Niẓām-al-Dīn al-Ḥasan ibn Muḥammad ibn-Ḥusayn al-Qummi al-Nīsābūri.</subfield>
  </datafield>
  <datafield tag="630" ind1="0" ind2="0">
    <subfield code="a">Qurʼan</subfield>
    <subfield code="v">Commentaries.</subfield>
  </datafield>
  <datafield tag="700" ind1="1" ind2=" ">
    <subfield code="a">Nīsābūrī, al-Ḥasan ibn Muḥammad,</subfield>
    <subfield code="d">active 15th century.</subfield>
    <subfield code="t">Tafsīr gharāíb al-Qurʼān wa-raghāʼib al-Furqān.</subfield>
  </datafield>
  <datafield tag="955" ind1=" " ind2=" ">
    <subfield code="b">0315220990</subfield>
    <subfield code="d">glx</subfield>
    <subfield code="e">893.7K84 DT2</subfield>
    <subfield code="v">v.6</subfield>
  </datafield>
</record>
</collection>